<record><leader>00000cas a22000007a 4500</leader><controlfield tag="001">20680904</controlfield><controlfield tag="008">891121d18671869mouwr ne      0    0eng d</controlfield><datafield ind1=" " ind2=" " tag="010"><subfield code="a">sn 89067477 </subfield></datafield><datafield ind1=" " ind2=" " tag="040"><subfield code="a">MQN</subfield><subfield code="b">eng</subfield><subfield code="c">MQN</subfield><subfield code="d">OCLCQ</subfield></datafield><datafield ind1=" " ind2=" " tag="042"><subfield code="a">msc</subfield></datafield><datafield ind1="0" ind2=" " tag="130"><subfield code="a">Enterprise (Grant City, Mo.)</subfield></datafield><datafield ind1="1" ind2="4" tag="245"><subfield code="a">The enterprise.</subfield></datafield><datafield ind1="1" ind2="3" tag="246"><subfield code="a">Weekly enterprise</subfield></datafield><datafield ind1=" " ind2=" " tag="260"><subfield code="a">Grant City, Worth County, Mo. :</subfield><subfield code="b">A.G. Bridges,</subfield><subfield code="c">-1869.</subfield></datafield><datafield ind1=" " ind2=" " tag="300"><subfield code="a">v.</subfield></datafield><datafield ind1=" " ind2=" " tag="310"><subfield code="a">Weekly</subfield></datafield><datafield ind1="1" ind2=" " tag="362"><subfield code="a">Began in 1867?</subfield></datafield><datafield ind1="0" ind2=" " tag="362"><subfield code="a">-v. 2, no. 47 (Mar. 4, 1869).</subfield></datafield><datafield ind1=" " ind2=" " tag="588"><subfield code="a">Description based on: Vol. 1, no. 44 (Feb. 13, 1868).</subfield></datafield><datafield ind1=" " ind2=" " tag="752"><subfield code="a">United States</subfield><subfield code="b">Missouri</subfield><subfield code="c">Worth</subfield><subfield code="d">Grant City.</subfield></datafield><datafield ind1="0" ind2="0" tag="785"><subfield code="t">Grant City star</subfield><subfield code="w">(DLC)sn 88086127</subfield></datafield></record>